<?xml version="1.0" encoding="UTF-8"?><record xmlns="http://www.loc.gov/MARC21/slim" xmlns:cinclude="http://apache.org/cocoon/include/1.0" xmlns:zs="http://www.loc.gov/zing/srw/">
  <leader>00643nz  a2200181n  4500</leader>
  <controlfield tag="001">nb2015019059</controlfield>
  <controlfield tag="003">DLC</controlfield>
  <controlfield tag="005">20151007050913.0</controlfield>
  <controlfield tag="008">151006n| azannaabn          |n ana      </controlfield>
  <datafield tag="010" ind1=" " ind2=" ">
    <subfield code="a">nb2015019059</subfield>
  </datafield>
  <datafield tag="035" ind1=" " ind2=" ">
    <subfield code="a">(Uk)009454826</subfield>
  </datafield>
  <datafield tag="040" ind1=" " ind2=" ">
    <subfield code="a">Uk</subfield>
    <subfield code="b">eng</subfield>
    <subfield code="e">rda</subfield>
    <subfield code="c">Uk</subfield>
  </datafield>
  <datafield tag="046" ind1=" " ind2=" ">
    <subfield code="s">2014</subfield>
    <subfield code="t">2014</subfield>
    <subfield code="2">edtf</subfield>
  </datafield>
  <datafield tag="110" ind1="2" ind2=" ">
    <subfield code="a">Soil Science Society of Ireland.</subfield>
    <subfield code="b">Annual Research Meeting</subfield>
    <subfield code="n">(37th :</subfield>
    <subfield code="d">2014 :</subfield>
    <subfield code="c">Tullamore, Ireland)</subfield>
  </datafield>
  <datafield tag="368" ind1=" " ind2=" ">
    <subfield code="a">Meetings</subfield>
    <subfield code="2">lcsh</subfield>
  </datafield>
  <datafield tag="370" ind1=" " ind2=" ">
    <subfield code="e">Tullamore (Ireland)</subfield>
    <subfield code="2">naf</subfield>
  </datafield>
  <datafield tag="377" ind1=" " ind2=" ">
    <subfield code="a">eng</subfield>
  </datafield>
  <datafield tag="670" ind1=" " ind2=" ">
    <subfield code="a">Agricultural Research Forum 2014, [2014]:</subfield>
    <subfield code="b">t.p. (37th Annual Research Meeting of the Soil Science Society of Ireland, held 2014, Tullamore, Ireland)</subfield>
  </datafield>
</record>